<?xml version="1.0" encoding="UTF-8"?>
<collection xmlns:xsi="http://www.w3.org/2001/XMLSchema-instance" xsi:schemaLocation="http://www.loc.gov/MARC21/slim http://www.loc.gov/standards/marcxml/schema/MARC21slim.xsd" xmlns="http://www.loc.gov/MARC21/slim">
<record>
  <leader>01560mam a2200301ua 4500</leader>
  <controlfield tag="001">602938</controlfield>
  <controlfield tag="003">NNC</controlfield>
  <controlfield tag="005">20150817132842.0</controlfield>
  <controlfield tag="008">870824q19801986ir            000 0 ara d</controlfield>
  <datafield tag="035" ind1=" " ind2=" ">
    <subfield code="a">(OCoLC)30475717</subfield>
  </datafield>
  <datafield tag="035" ind1=" " ind2=" ">
    <subfield code="a">(OCoLC)ocm30475717</subfield>
  </datafield>
  <datafield tag="035" ind1=" " ind2=" ">
    <subfield code="a">(CStRLIN)NJPG87-B40736</subfield>
  </datafield>
  <datafield tag="035" ind1=" " ind2=" ">
    <subfield code="a">(CStRLIN)NYCG87-B82994</subfield>
  </datafield>
  <datafield tag="035" ind1=" " ind2=" ">
    <subfield code="9">ACQ7799CU</subfield>
  </datafield>
  <datafield tag="035" ind1=" " ind2=" ">
    <subfield code="a">(NNC)602938</subfield>
  </datafield>
  <datafield tag="035" ind1=" " ind2=" ">
    <subfield code="a">602938</subfield>
  </datafield>
  <datafield tag="040" ind1=" " ind2=" ">
    <subfield code="a">NjP</subfield>
    <subfield code="c">NjP</subfield>
  </datafield>
  <datafield tag="245" ind1="0" ind2="0">
    <subfield code="a">Shurūḥ al-Talkhīṣ.</subfield>
  </datafield>
  <datafield tag="260" ind1=" " ind2=" ">
    <subfield code="a">[Qum] :</subfield>
    <subfield code="b">Nashr Adab al-Ḥawzah,</subfield>
    <subfield code="c">[198-?]</subfield>
  </datafield>
  <datafield tag="300" ind1=" " ind2=" ">
    <subfield code="a">4 v.;</subfield>
    <subfield code="c">30 cm.</subfield>
  </datafield>
  <datafield tag="505" ind1="0" ind2=" ">
    <subfield code="a">Mukhtaṣar al-ʻAllāmah Saʻd al-Dīn al-Taftazānī ʻalá Talkhīṣ al-Miftāḥ lil-Khaṭīb al-Qazwīnī -- Mawāhib al-fattāḥ fī sharḥ Talkhīs al-Miftāḥ / li-Ibn Yaʻqūb al-Maghribī -- ʻUrūs al-afrāḥ fī sharḥ Talkhīs al-Miftāḥ / li-Bahāʾ al-Dīn al-Subkī.</subfield>
  </datafield>
  <datafield tag="500" ind1=" " ind2=" ">
    <subfield code="a">Includes the text of Qazwīnī's Talkhīṣ al-Miftāḥ.</subfield>
  </datafield>
  <datafield tag="600" ind1="1" ind2="0">
    <subfield code="a">Qazwīnī, Jalāl al-Dīn Muḥammad ibn ʻAbd al-Raḥmān,</subfield>
    <subfield code="d">1267 or 1268-1338.</subfield>
    <subfield code="t">Talkhīṣ al-Miftāḥ.</subfield>
  </datafield>
  <datafield tag="650" ind1=" " ind2="0">
    <subfield code="a">Arabic language</subfield>
    <subfield code="x">Rhetoric</subfield>
    <subfield code="v">Early works to 1800.</subfield>
  </datafield>
  <datafield tag="700" ind1="1" ind2="2">
    <subfield code="a">Taftāzānī, Masʻūd ibn ʻUmar,</subfield>
    <subfield code="d">1322-1389?</subfield>
    <subfield code="t">Mukhtaṣar al-Maʻāni̇.</subfield>
    <subfield code="f">1980.</subfield>
  </datafield>
  <datafield tag="700" ind1="0" ind2="2">
    <subfield code="a">Ibn Yaʻqūb al-Maghribī,</subfield>
    <subfield code="d">-1716.</subfield>
    <subfield code="t">Mawāhib al-fattāḥ.</subfield>
    <subfield code="f">1980.</subfield>
  </datafield>
  <datafield tag="700" ind1="1" ind2="2">
    <subfield code="a">Subkī, Bahāʼ al-Dīn ibn Taqī al-Dīn,</subfield>
    <subfield code="d">-1371.</subfield>
    <subfield code="t">ʻUrūs al-afrāḥ.</subfield>
    <subfield code="f">1980.</subfield>
  </datafield>
  <datafield tag="700" ind1="1" ind2="2">
    <subfield code="a">Qazwīnī, Jalāl al-Dīn Muḥammad ibn ʻAbd al-Raḥmān,</subfield>
    <subfield code="d">1267 or 1268-1338.</subfield>
    <subfield code="t">Talkhīṣ al-Miftāḥ.</subfield>
    <subfield code="f">1980.</subfield>
  </datafield>
  <datafield tag="955" ind1=" " ind2=" ">
    <subfield code="b">0029369843</subfield>
    <subfield code="d">glx</subfield>
    <subfield code="e">PJ6161 .Q39 1980z</subfield>
    <subfield code="v">v.1</subfield>
  </datafield>
</record>
</collection>